<?xml version="1.0" encoding="UTF-8"?><collection xmlns="http://www.loc.gov/MARC21/slim"><record><leader>00319nam--2200121-i-4500</leader><controlfield tag="001">000003281</controlfield><controlfield tag="002">20161230</controlfield><controlfield tag="005">20161230201025</controlfield><controlfield tag="008">060222s1000------------r-----000-0-eng-d</controlfield><datafield ind1=" " ind2=" " tag="100"><subfield code="a">Crockford, H.D.And Novell, J.W</subfield></datafield><datafield ind1=" " ind2=" " tag="245"><subfield code="a">Laboratory manual of physical chemistry</subfield></datafield><datafield ind1=" " ind2=" " tag="260"><subfield code="a">New York, John Wiley, 1956</subfield></datafield><datafield ind1=" " ind2=" " tag="490"><subfield code="a">Xi+184p</subfield></datafield></record></collection>